<record><leader>00000cas a2200000 a 4500</leader><controlfield tag="001">10443233</controlfield><controlfield tag="008">840222d18251851pauwr ne      0    0eng c</controlfield><datafield ind1=" " ind2=" " tag="010"><subfield code="a">sn 84026383 </subfield></datafield><datafield ind1=" " ind2=" " tag="040"><subfield code="a">NPU</subfield><subfield code="b">eng</subfield><subfield code="c">NPU</subfield><subfield code="d">NPH</subfield><subfield code="d">NPY</subfield><subfield code="d">NPH</subfield><subfield code="d">NPX</subfield><subfield code="d">DLC</subfield><subfield code="d">OCL</subfield><subfield code="d">NPH</subfield><subfield code="d">MFN</subfield><subfield code="d">CNW</subfield><subfield code="d">NVJ</subfield><subfield code="d">NVF</subfield><subfield code="d">OCL</subfield><subfield code="d">NYS</subfield><subfield code="d">CUI</subfield><subfield code="d">DLC</subfield><subfield code="d">OCLCQ</subfield><subfield code="d">OCLCF</subfield></datafield><datafield ind1=" " ind2=" " tag="012"><subfield code="b">3</subfield></datafield><datafield ind1=" " ind2=" " tag="019"><subfield code="a">15066770</subfield></datafield><datafield ind1="1" ind2=" " tag="029"><subfield code="a">AU@</subfield><subfield code="b">000020120574</subfield></datafield><datafield ind1=" " ind2=" " tag="042"><subfield code="a">pcc</subfield></datafield><datafield ind1=" " ind2=" " tag="043"><subfield code="a">n-us-pa</subfield></datafield><datafield ind1="0" ind2="0" tag="050"><subfield code="a">Newspaper</subfield></datafield><datafield ind1=" " ind2="4" tag="050"><subfield code="a">AN</subfield></datafield><datafield ind1="0" ind2=" " tag="130"><subfield code="a">Pittsburgh gazette (Pittsburgh, Pa. : 1825 : Weekly)</subfield></datafield><datafield ind1="1" ind2="0" tag="245"><subfield code="a">Pittsburgh gazette.</subfield></datafield><datafield ind1="1" ind2="3" tag="246"><subfield code="a">Pittsburgh weekly gazette</subfield></datafield><datafield ind1=" " ind2=" " tag="260"><subfield code="a">Pittsburgh [Pa.] :</subfield><subfield code="b">D. &amp; M. Maclean</subfield></datafield><datafield ind1=" " ind2=" " tag="300"><subfield code="a">v.</subfield></datafield><datafield ind1=" " ind2=" " tag="310"><subfield code="a">Weekly</subfield></datafield><datafield ind1="1" ind2=" " tag="362"><subfield code="a">Began in 1825.</subfield></datafield><datafield ind1="0" ind2=" " tag="362"><subfield code="a">-v. 64, no. 15 (Jan. 9, 1851).</subfield></datafield><datafield ind1=" " ind2=" " tag="500"><subfield code="a">Word "weekly" appears in masthead ornament, May 28, 1841-&lt;1844&gt;.</subfield></datafield><datafield ind1=" " ind2=" " tag="500"><subfield code="a">Issue for Nov. 8, 1841 called: Pittsburg weekly gazette extra.</subfield></datafield><datafield ind1=" " ind2=" " tag="580"><subfield code="a">Semiweekly ed.: Pittsburgh gazette (Pittsburgh, Pa. : 1825 : Semiweekly), &lt;1829&gt;-1833.</subfield></datafield><datafield ind1=" " ind2=" " tag="580"><subfield code="a">Daily eds.: Daily Pittsburgh gazette (Pittsburgh, Pa. : 1833), 1833-1841, and: Pittsburgh daily gazette (Pittsburgh, Pa. : 1841), 1841-1844.</subfield></datafield><datafield ind1=" " ind2=" " tag="588"><subfield code="a">Description based on: Vol. 41, no. 4 (Oct. 14, 1825).</subfield></datafield><datafield ind1=" " ind2="0" tag="651"><subfield code="a">Pittsburgh (Pa.)</subfield><subfield code="v">Newspapers.</subfield></datafield><datafield ind1=" " ind2="0" tag="651"><subfield code="a">Allegheny County (Pa.)</subfield><subfield code="v">Newspapers.</subfield></datafield><datafield ind1=" " ind2="7" tag="655"><subfield code="a">Newspapers.</subfield><subfield code="2">fast</subfield><subfield code="0">(OCoLC)fst01423814</subfield></datafield><datafield ind1=" " ind2="7" tag="651"><subfield code="a">Pennsylvania</subfield><subfield code="z">Allegheny County.</subfield><subfield code="2">fast</subfield><subfield code="0">(OCoLC)fst01209250</subfield></datafield><datafield ind1=" " ind2="7" tag="651"><subfield code="a">Pennsylvania</subfield><subfield code="z">Pittsburgh.</subfield><subfield code="2">fast</subfield><subfield code="0">(OCoLC)fst01205171</subfield></datafield><datafield ind1=" " ind2=" " tag="752"><subfield code="a">United States</subfield><subfield code="b">Pennsylvania</subfield><subfield code="c">Allegheny</subfield><subfield code="d">Pittsburgh.</subfield></datafield><datafield ind1="1" ind2=" " tag="775"><subfield code="t">Pittsburgh gazette (Pittsburgh, Pa. : 1825 : Semiweekly)</subfield><subfield code="w">(DLC)sn 83025915</subfield><subfield code="w">(OCoLC)2266165</subfield></datafield><datafield ind1="1" ind2=" " tag="775"><subfield code="t">Daily Pittsburgh gazette (Pittsburgh, Pa. : 1833)</subfield><subfield code="w">(DLC)sn 85054517</subfield><subfield code="w">(OCoLC)2260104</subfield></datafield><datafield ind1="1" ind2=" " tag="775"><subfield code="t">Pittsburgh daily gazette (Pittsburgh, Pa. : 1841)</subfield><subfield code="w">(DLC)sn 85054516</subfield><subfield code="w">(OCoLC)11872764</subfield></datafield><datafield ind1="0" ind2="0" tag="780"><subfield code="t">Pittsburgh gazette, and manufacturing and mercantile advertiser</subfield><subfield code="w">(DLC)sn 84025759</subfield><subfield code="w">(OCoLC)2266167</subfield></datafield><datafield ind1="0" ind2="0" tag="785"><subfield code="t">Pittsburgh weekly gazette (Pittsburgh, Pa. : 1851)</subfield><subfield code="w">(DLC)sn 89077238</subfield><subfield code="w">(OCoLC)20548440</subfield></datafield></record>